@misc{ importar_bd_postgresql_heroku,
   author = "Gregory Barkans",
   title = "Getting Started with Heroku, Postgres and PgAdmin",
   year = "2018",
   note = "[Internet; Accedido 16-julio-2020]",
   howpublished="\url{https://medium.com/@vapurrmaid/getting-started-with-heroku-postgres-and-pgadmin-run-on-part-2-90d9499ed8fb}"
}

@book{8104,
    author = {McFadden, Fred R., and Hoffer, Jeffrey A.},
    title = {Modern Database management /},
    publisher = {Benjamin/Cummings Pub. Co.,},
    year = {c1994.},
    address = {Redwood City, Calif. :},
    edition = {4th ed.},
    note = {Rev. ed. of: Data base management. 2nd ed. c1988.}
}

@misc{ pagina_spring_jpa,
       author = "VMware, Inc.",
       title = "Spring JPA",
       note = "[Internet; Accedido 17-julio-2020]",
       howpublished="\url{https://spring.io/projects/spring-data-jpa}"
}

@misc{ pagina_spring_boot_testing,
       author = "baeldung",
       title = "Testing in Spring Boot",
       year = "2020",
       note = "[Internet; Accedido 17-julio-2020]",
       howpublished="\url{https://www.baeldung.com/spring-boot-testing}"
}

@misc{ pagina_junit,
       author = "The JUnit Team",
       title = "JUnit 5",
       note = "[Internet; Accedido 18-julio-2020]",
       howpublished="\url{https://junit.org/junit5/}"
}

@misc{ licencias_gnu,
       author = "Free Software Foundation, Inc.",
       title = "Various Licenses and Comments about Them",
       note = "[Internet; Accedido 18-julio-2020]",
       howpublished="\url{https://www.gnu.org/licenses/license-list.en.html}"
}