@misc{ framework_definicion,
       author = "Angel Eulises Ortiz",
       title = "Qué es un framework en informática o programación",
       year = "2018",
       note = "[Internet; Accedido 15-julio-2020]" ,
       howpublished="\url{https://blog.hostdime.com.co/que-es-un-framework-informatica-programacion/#:~:text=La%20palabra%20Framework%20es%20la,)%20y%20Trabajo%20(work)%20.&text=En%20otras%20palabras%2C%20podemos%20decir,estandarizadas%20para%20crear%20aplicaciones%20web.}"
}

@misc{ frontend_backend,
       author = "Nicole Chapaval",
       title = "Qué es Frontend y Backend",
       year = "2018",
       note = "[Internet; Accedido 15-julio-2020]", 
       howpublished="\url{https://platzi.com/blog/que-es-frontend-y-backend/}"
}

@misc{ desarrollo_full_stack,
       author = "Raquel Castaño",
       title = "¿Qué es un desarrollador Full Stack?",
       year = "2018",
       note = "[Internet; Accedido 15-julio-2020]", 
       howpublished="\url{https://www.neoland.es/blog/que-es-desarrollador-full-stack}"
}

@misc{ pagina_java,
       author = "Oracle",
       title = "Java",
       note = "[Internet; Accedido 15-julio-2020]", 
       howpublished="\url{https://www.java.com/es/}"
}

@misc{ pagina_javascript,
       author = "JavaScript.com",
       title = "JavaScript",
       note = "[Internet; Accedido 15-julio-2020]", 
       howpublished="\url{https://www.javascript.com/}"
}

@misc{ css,
       author = "W3Schools",
       title = "CSS",
       note = "[Internet; Accedido 15-julio-2020]", 
       howpublished="\url{https://www.w3schools.com/css/}"
}

@misc{ pagina_vaadin,
       author = "Vaadin",
       title = "Vaadin",
       note = "[Internet; Accedido 15-julio-2020]", 
       howpublished="\url{https://vaadin.com/}"
}

@misc{ pagina_spring_boot,
       author = "VMware, Inc.",
       title = "Spring Boot",
       note = "[Internet; Accedido 15-julio-2020]", 
       howpublished="\url{https://spring.io/projects/spring-boot}"
}

@misc{ pagina_spring_security,
       author = "VMware, Inc.",
       title = "Spring Security",
       note = "[Internet; Accedido 15-julio-2020]", 
       howpublished="\url{https://spring.io/projects/spring-security}"
}

@misc{ pagina_maven,
       author = "The Apache Software Foundation",
       title = "Maven",
       note = "[Internet; Accedido 15-julio-2020]", 
       howpublished="\url{https://maven.apache.org/}"
}

@misc{ pagina_eclipse,
       author = "Eclipse Foundation, Inc. ",
       title = "Eclipse",
       url = "https://www.eclipse.org/",
       note = "[Internet; Accedido 15-julio-2020]"
}

@misc{ pagina_postgresql,
       author = "The PostgreSQL Global Development Group",
       title = "PostgreSQL",
       note = "[Internet; Accedido 15-julio-2020]", 
       howpublished="\url{https://www.postgresql.org/}"
}

@misc{ pagina_pgAdmin,
       author = "pgAdmin",
       title = "PostgreSQL",
       note = "[Internet; Accedido 15-julio-2020]", 
       howpublished="\url{https://www.pgadmin.org/}"
}

@misc{ pagina_github,
       author = "GitHub, Inc.",
       title = "GitHub",
       note = "[Internet; Accedido 15-julio-2020]", 
       howpublished="\url{https://github.com/}"
}

@misc{ pagina_zenhub,
       author = "ZenHub",
       title = "ZenHub",
       note = "[Internet; Accedido 15-julio-2020]", 
       howpublished="\url{https://www.zenhub.com/}"
}

@misc{ pagina_github_desktop,
       author = "GitHub, Inc.",
       title = "GitHub Desktop",
       note = "[Internet; Accedido 15-julio-2020]", 
       howpublished="\url{https://desktop.github.com/}"
}

@misc{ pagina_overleaf,
       author = "Overleaf",
       title = "Overleaf",
       note = "[Internet; Accedido 15-julio-2020]", 
       howpublished="\url{https://es.overleaf.com/}"
}

@misc{ pagina_heroku,
       author = "Salesforce.com",
       title = "Heroku",
       note = "[Internet; Accedido 15-julio-2020]", 
       howpublished="\url{https://www.heroku.com/home}"
}

@misc{ pagina_staruml,
       author = "MKLabs Co.,Ltd.",
       title = "StarUML",
       note = "[Internet; Accedido 15-julio-2020]", 
       howpublished="\url{http://staruml.io/}"
}

@misc{ pagina_creately,
       author = "Cinergix Pty Ltd (Australia)",
       title = "Creately",
       note = "[Internet; Accedido 15-julio-2020]", 
       howpublished="\url{https://creately.com/es/home/}"
}

@misc{ pagina_balsamiq,
       author = "Balsamiq Studios, LLC ",
       title = "Balsamiq Wireframes",
       note = "[Internet; Accedido 15-julio-2020]", 
       howpublished="\url{https://balsamiq.com/wireframes/}"
}

@misc{ wiki:convencion_sobre_configuracion,
	author = "Wikipedia",
	title = "Convención sobre configuración",
	year = "2020",
	note = "[Internet; descargado 15-julio-2020]", 
    howpublished="\url{https://es.wikipedia.org/wiki/Convenci%C3%B3n_sobre_configuraci%C3%B3n#:~:text=Convenci%C3%B3n%20sobre%20Configuraci%C3%B3n%2C%20tambi%C3%A9n%20conocido,no%20perdiendo%20flexibilidad%20por%20ello.}"
}

@misc{ pagina_jetty,
       author = "The Eclipse Foundation",
       title = "Jetty",
       note = "[Internet; Accedido 17-julio-2020]", 
       howpublished="\url{https://www.eclipse.org/jetty/}"
}

@misc{ pagina_booked,
       author = "Twinkle Toes Software, LLC.",
       title = "Booked",
       note = "[Internet; Accedido 18-julio-2020]", 
       howpublished="\url{https://www.bookedscheduler.com/}"
}

@misc{ pagina_supersaas,
       author = "SuperSaaS",
       title = "SuperSaaS",
       note = "[Internet; Accedido 18-julio-2020]", 
       howpublished="\url{https://www.supersaas.es/}"
}

@misc{ pagina_acuity,
       author = "Squarespace",
       title = "Acuity Scheduling",
       note = "[Internet; Accedido 18-julio-2020]", 
       howpublished="\url{https://acuityscheduling.com/?v3=b}"
}

@misc{ pagina_eps_sevilla,
       author = "Universidad de Sevilla",
       title = "Sistema Interno de Reserva de Espacios EPS Universidad de Sevilla",
       note = "[Internet; Accedido 18-julio-2020]", 
       howpublished="\url{https://eps.us.es/instalaciones-y-servicios/aulas/reserva-de-aulas}"
}

@misc{ specification_spring_data,
       author = "baeldung",
       title = "REST Query Language with Spring Data JPA Specifications",
       note = "[Internet; Accedido 19-julio-2020]", 
       howpublished="\url{https://www.baeldung.com/rest-api-search-language-spring-data-specifications}"
}